<?xml version="1.0" encoding="UTF-8"?><collection xmlns="http://www.loc.gov/MARC21/slim"><record><leader>00416nam--2200109-i-4500</leader><controlfield tag="001">000016315</controlfield><controlfield tag="002">20161230</controlfield><controlfield tag="005">20161230201031</controlfield><controlfield tag="008">060222s1000------------r-----000-0-eng-d</controlfield><datafield ind1=" " ind2=" " tag="100"><subfield code="a">Rodot,Michel</subfield></datafield><datafield ind1=" " ind2=" " tag="245"><subfield code="a">Contribution a l etudes mecanismes de disper sion et de la masse efficace des porteurs de charge dans les semi-conducteurs .application a l antimoniure d indium et au te</subfield></datafield><datafield ind1=" " ind2=" " tag="490"><subfield code="a">Paris,Universite,1960. /L085-1142/P</subfield></datafield></record></collection>